@article{yee2006motivations,
  title={Motivations for play in online games},
  author={Yee, Nick},
  journal={CyberPsychology \& behavior},
  volume={9},
  number={6},
  pages={772--775},
  year={2006},
  publisher={Mary Ann Liebert, Inc. 2 Madison Avenue Larchmont, NY 10538 USA}
}

@article{yee2006demographics,
  title={The demographics, motivations, and derived experiences of users of massively multi-user online graphical environments},
  author={Yee, Nick},
  journal={Presence: Teleoperators and virtual environments},
  volume={15},
  number={3},
  pages={309--329},
  year={2006},
  publisher={MIT Press}
}

@inproceedings{guo2012game,
  title={The game trace archive},
  author={Guo, Yong and Iosup, Alexandru},
  booktitle={Proceedings of the 11th Annual Workshop on Network and Systems Support for Games},
  pages={4},
  year={2012},
  organization={IEEE Press}
}

@inproceedings{lee2011world,
  title={World of Warcraft avatar history dataset},
  author={Lee, Yeng-Ting and Chen, Kuan-Ta and Cheng, Yun-Maw and Lei, Chin-Laung},
  booktitle={Proceedings of the second annual ACM conference on Multimedia systems},
  pages={123--128},
  year={2011},
  organization={ACM}
}

@inproceedings{Bell2013a,
 author = {Bell, Jonathan and Sheth, Swapneel and Kaiser, Gail},
 title = {A large-scale, longitudinal study of user profiles in world of warcraft},
 booktitle = {Proceedings of the 22nd international conference on World Wide Web companion},
 year = {2013},
 pages = {1175--1184},
 publisher = {International World Wide Web Conferences Steering Committee},
}

@inproceedings{shen2014characterization,
  title={Characterization of human mobility in networked virtual environments},
  author={Shen, Siqi and Brouwers, Niels and Iosup, Alexandru and Epema, Dick},
  booktitle={Proceedings of Network and Operating System Support on Digital Audio and Video Workshop},
  pages={13},
  year={2014},
  organization={ACM}
}

@article{mnih2015human,
  title={Human-level control through deep reinforcement learning},
  author={Mnih, Volodymyr and Kavukcuoglu, Koray and Silver, David and Rusu, Andrei A and Veness, Joel and Bellemare, Marc G and Graves, Alex and Riedmiller, Martin and Fidjeland, Andreas K and Ostrovski, Georg and others},
  journal={Nature},
  volume={518},
  number={7540},
  pages={529--533},
  year={2015},
  publisher={Nature Publishing Group}
}

@article{silver2016mastering,
  title={Mastering the game of Go with deep neural networks and tree search},
  author={Silver, David and Huang, Aja and Maddison, Chris J and Guez, Arthur and Sifre, Laurent and Van Den Driessche, George and Schrittwieser, Julian and Antonoglou, Ioannis and Panneershelvam, Veda and Lanctot, Marc and others},
  journal={Nature},
  volume={529},
  number={7587},
  pages={484--489},
  year={2016},
  publisher={Nature Publishing Group}
}

@article{heinrich2016deep,
  title={Deep Reinforcement Learning from Self-Play in Imperfect-Information Games},
  author={Heinrich, Johannes and Silver, David},
  journal={arXiv preprint arXiv:1603.01121},
  year={2016}
}

@article{argall2009survey,
  title={A survey of robot learning from demonstration},
  author={Argall, Brenna D and Chernova, Sonia and Veloso, Manuela and Browning, Brett},
  journal={Robotics and autonomous systems},
  volume={57},
  number={5},
  pages={469--483},
  year={2009},
  publisher={Elsevier}
}

@inproceedings{ng2000algorithms,
  title={Algorithms for inverse reinforcement learning.},
  author={Ng, Andrew Y and Russell, Stuart J and others},
  booktitle={Icml},
  pages={663--670},
  year={2000}
}

@inproceedings{abbeel2004apprenticeship,
  title={Apprenticeship learning via inverse reinforcement learning},
  author={Abbeel, Pieter and Ng, Andrew Y},
  booktitle={Proceedings of the twenty-first international conference on Machine learning},
  pages={1},
  year={2004},
  organization={ACM}
}

@inproceedings{ratliff2006maximum,
  title={Maximum margin planning},
  author={Ratliff, Nathan D and Bagnell, J Andrew and Zinkevich, Martin A},
  booktitle={Proceedings of the 23rd international conference on Machine learning},
  pages={729--736},
  year={2006},
  organization={ACM}
}

@article{mikolov2013distributed,
  title={Distributed representations of words and phrases and their compositionality},
  author={Mikolov, T and Dean, J},
  journal={Advances in neural information processing systems},
  year={2013}
}

@inproceedings{amit2002parametric,
  title={Parametric primitives for motor representation and control},
  author={Amit, R and Mataric, Maja J},
  booktitle={Robotics and Automation, 2002. Proceedings. ICRA'02. IEEE International Conference on},
  volume={1},
  pages={863--868},
  year={2002},
  organization={IEEE}
}

@inproceedings{sammut1992learning,
  title={Learning to fly},
  author={Sammut, Claude and Hurst, Scott and Kedzier, Dana and Michie, Donald and others},
  booktitle={Proceedings of the ninth international workshop on Machine learning},
  pages={385--393},
  year={1992}
}

@inproceedings{suznjevic2011mmorpg,
  title={MMORPG player behavior model based on player action categories},
  author={Suznjevic, Mirko and Stupar, Ivana and Matijasevic, Maja},
  booktitle={Proceedings of the 10th Annual Workshop on Network and Systems Support for Games},
  pages={6},
  year={2011},
  organization={IEEE Press}
}

@article{drachen2014comparison,
  title={A comparison of methods for player clustering via behavioral telemetry},
  author={Drachen, Anders and Thurau, Christian and Sifa, Rafet and Bauckhage, Christian},
  journal={arXiv preprint arXiv:1407.3950},
  year={2014}
}

@article{bauckhage2015clustering,
  title={Clustering game behavior data},
  author={Bauckhage, Christian and Drachen, Anders and Sifa, Rafet},
  journal={IEEE Transactions on Computational Intelligence and AI in Games},
  volume={7},
  number={3},
  pages={266--278},
  year={2015},
  publisher={IEEE}
}

@article{thawonmas2011analysis,
  title={Analysis of revisitations in online games},
  author={Thawonmas, Ruck and Yoshida, Keisuke and Lou, Jing-Kai and Chen, Kuan-Ta},
  journal={Entertainment Computing},
  volume={2},
  number={4},
  pages={215--221},
  year={2011},
  publisher={Elsevier}
}

@inproceedings{lou2012forecasting,
  title={Forecasting online game addictiveness},
  author={Lou, Jing-Kai and Chen, Kuan-Ta and Hsu, Hwai-Jung and Lei, Chin-Laung},
  booktitle={Proceedings of the 11th Annual Workshop on Network and Systems Support for Games},
  pages={6},
  year={2012},
  organization={IEEE Press}
}

@article{mischel1972cognitive,
  title={Cognitive and attentional mechanisms in delay of gratification.},
  author={Mischel, Walter and Ebbesen, Ebbe B and Raskoff Zeiss, Antonette},
  journal={Journal of personality and social psychology},
  volume={21},
  number={2},
  pages={204},
  year={1972},
  publisher={American Psychological Association}
}

@article{desurvire2013methods,
  title={Methods for game user research: studying player behavior to enhance game design},
  author={Desurvire, Heather and El-Nasr, Magy Seif},
  journal={IEEE computer graphics and applications},
  volume={33},
  number={4},
  pages={82--87},
  year={2013},
  publisher={IEEE}
}

@article{kivikangas2011review,
  title={A review of the use of psychophysiological methods in game research},
  author={Kivikangas, J Matias and Chanel, Guillaume and Cowley, Ben and Ekman, Inger and Salminen, Mikko and J{\"a}rvel{\"a}, Simo and Ravaja, Niklas},
  journal={Journal of Gaming \& Virtual Worlds},
  volume={3},
  number={3},
  pages={181--199},
  year={2011},
  publisher={Intellect}
}

@book{el2013game,
  title={Game analytics: Maximizing the value of player data},
  author={El-Nasr, Magy Seif and Drachen, Anders and Canossa, Alessandro},
  year={2013},
  publisher={Springer Science \& Business Media}
}
